@book{lempert2003shaping,
  title={Shaping the next one hundred years: new methods for quantitative, long-term policy analysis},
  author={Lempert, Robert J},
  year={2003},
  publisher={Rand Corporation}
}
@article{rivera2011recognising,
  title={Recognising ignorance in decision-making},
  author={Rivera-Ferre, Marta G and Ortega-Cerd{\`a}, Miquel},
  journal={EMBO reports},
  volume={12},
  number={5},
  pages={393--397},
  year={2011},
  publisher={EMBO Press}
}
@article{messina1999land,
  title={Land allocation conditioned on El Ni{\~n}o-Southern Oscillation phases in the Pampas of Argentina},
  author={Messina, CD and Hansen, JW and Hall, AJ},
  journal={Agricultural Systems},
  volume={60},
  number={3},
  pages={197--212},
  year={1999},
  publisher={Elsevier}
}
@book{rabin2000risk,
  title={Risk aversion and expected-utility theory: A calibration theorem},
  author={Rabin, Matthew and others},
  year={2000},
  publisher={University of California at Berkeley, Department of Economics}
}

@article{linsmeier2000value,
  title={Value at risk},
  author={Linsmeier, Thomas J and Pearson, Neil D},
  journal={Financial Analysts Journal},
  volume={56},
  number={2},
  pages={47--67},
  year={2000},
  publisher={CFA Institute}
}

@article{lempert2006general,
  title={A general, analytic method for generating robust strategies and narrative scenarios},
  author={Lempert, Robert J and Groves, David G and Popper, Steven W and Bankes, Steve C},
  journal={Management science},
  volume={52},
  number={4},
  pages={514--528},
  year={2006},
  publisher={INFORMS}
}
@book{breiman1984classification,
  title={Classification and regression trees},
  author={Breiman, Leo and Friedman, Jerome and Stone, Charles J and Olshen, Richard A},
  year={1984},
  publisher={CRC press}
}
@article{hotelling1933analysis,
  title={Analysis of a complex of statistical variables into principal components.},
  author={Hotelling, Harold},
  journal={Journal of educational psychology},
  volume={24},
  number={6},
  pages={417},
  year={1933},
  publisher={Warwick \& York}
}
@article{bryant2010thinking,
  title={Thinking inside the box: a participatory, computer-assisted approach to scenario   discovery},
  author={Bryant, Benjamin P and Lempert, Robert J},
  journal={Technological Forecasting and Social Change},
  volume={77},
  number={1},
  pages={34--49},
  year={2010},
  publisher={Elsevier}
}
@article{lempert2008comparing,
  title={Comparing algorithms for scenario discovery},
  author={Lempert, Robert J and Bryant, Benjamin P and Bankes, Steven C},
  journal={RAND, Santa Monica, CA},
  year={2008}
}

@article{arrow1956berkeley,
  title={Berkeley Symposium on Mathematical Statistics and Probability},
  author={Arrow, Kenneth J and Bowker, H and Daniel, Cuthbert and Sobel, Milton},
  year={1956}
}
@misc{therneau2015package,
  title={Package ‘rpart’},
  author={Therneau, Terry and Atkinson, Beth and Ripley, Brian and Ripley, Maintainer Brian},
  year={2015},
  publisher={Version}
}
@misc{maechler2015package,
  title={Package ‘cluster’},
  author={Maechler, Martin and Rousseeuw, Peter and Struyf, Anja and Hubert, Mia and Hornik, Kurt and Studer, Matthias and Roudier, Pierre},
  year={2015}
}
@misc{kahle2013ggmap,
  title={ggmap: A package for spatial visualization with Google Maps and OpenStreetMap. R package version 2.3},
  author={Kahle, David and Wickham, Hadley},
  year={2013},
  publisher={See http://CRAN. Rproject. org/package= ggmap}
}

@book{pedersen2004soybean,
  title={Soybean growth and development},
  author={Pedersen, Palle and Elbert, Bob},
  year={2004},
  publisher={Iowa State University, University Extension Ames, IA}
}
@online{spd2006,
  author = {Pedersen, Palle},
  title = {Soybean planting date},
  year = 2006,
  url = {http://www.ipm.iastate.edu/ipm/icm/2006/4-3/soyplant.html},
  urldate = {2010-01-01}
}
@report{xavipca,
author = {Gonzalez, Xavier},
title = {Usage of Principal Components Analysis to improve the performance of Classification: two examples},
institution = {The University of Buenos Aires. Advanced Technical Statistics},
year = {2015},
}
@book{bishop2006pattern,
  title={Pattern recognition and machine learning},
  author={Bishop, Christopher M},
  year={2006},
  publisher={springer}
}
@article{lempert1996we,
  title={When we don't know the costs or the benefits: Adaptive strategies for abating climate change},
  author={Lempert, Robert J and Schlesinger, Michael E and Bankes, Steve C},
  journal={Climatic Change},
  volume={33},
  number={2},
  pages={235--274},
  year={1996},
  publisher={Springer}
}
@article{groves2008planning,
  title={Planning for climate change in the Inland Empire: Southern California},
  author={Groves, David G and Davis, Martha and Wilkinson, Robert and Lempert, Robert},
  journal={Water Resources IMPACT},
  volume={10},
  number={4},
  pages={14--17},
  year={2008}
}